@book{breaking_game_industry,
    author    = "Brenda Brathwaite and Ian Schreiber",
    title     = "Breaking into the Game Industry: Advice for a Successful Career from Those Who Have Done It",
    year      = "2012",
    publisher = "Course Technology",
    address   = "Boston"
}

@Book{libro_blanco,
  	title = 	 	 {Libro Blanco del Desarrollo Español del Videojuego},
  	editor = 	 	 {DEV, Desarrollo Español del Videojuego},
  	address = 		 {Madrid, España},
  	year = 	 	 	 {2017},
}

@misc{web_4_0,
  	author =       {Bill Lydon},
    title =        {Industry 4.0 - Only One-Tenth of Germany's High-Tech Strategy},
    url =		   {https://www.automation.com/automation-news/article/industry-40-only-one-tenth-of-germanys-high-tech-strategy},
}

@article{cyber_physics,
	author =       "Siddhartha Kumar Khaitan, James D. McCalley",
    title =        "Design Techniques and Applications of Cyber Physical Systems: A Survey",
    journal =      "IEEE Systems Journal",
    volume =       "9",
    number =       "2",
    pages =        "350 - 365",
    year =         "2014",
    DOI =          "https://doi.org/10.1109/JSYST.2014.2322503",
}
	
@book{libro_esi,
    author    = "David Vallejo, Carlos González, David Villa",
    title     = "Desarrollo de Videojuegos: Un Enfoque Práctico",
    year      = "2015",
    address   = "Ciudad Real, España"
}

@book{game_design_2,
    author    = "Bob Bates",
    title     = "Game Design",
    year      = "2004",
    publisher = "Thomson Course Technology",
    address   = "Boston"
}

@book{development_and_production,
    author    = "Erik Bethke",
    title     = "Game Development and Production",
    year      = "2003",
    publisher = "Wordware Publishing",
    address   = "Plano, Texas"
}

@book{game_engine_architecture,
	author    = "Jason Gregory",
    title     = "Game Engine Architecture",
    year      = "2009",
    publisher = "A K Peters, Ltd.",
    address   = "Wellesley, Massachusetts"
}

@misc{game_engine,
	
	title = 	 {What is a Game Engine?},
	author =     {Jeff Ward},
  	url = 		 {https://www.gamecareerguide.com/features/529/what_is_a_game_.php},
}

@article{unity_story,
	author =       {John Haas},
    title = 	   {A History of the Unity Game Engine},
    year =         "2014",
}

@book{ai_and_games,
    title	  = {Artificial Intelligence and Games},
    author	  = {Georgios N. Yannakakis and Julian Togelius},
    publisher = {Springer},
    note	  = {\url{http://gameaibook.org}},
    year	  = {2018}
}

@article{turing_chess,
	author =       {Alan M. Turing},
    title = 	   {Digital computers applied to games},
    journal =      "Faster than thought",
    pages =        "101",
    year =         "1953",
}

@book{ia_moderno,
	title	  = {Inteligencia Artificial: Un Enfoque Moderno},
    author	  = {Stuart Russell and Peter Norvig},
    publisher = {Pearson},
    year	  = {2008}
}

@book{gameaipro,
	title	  = {Game AI Pro: Collected Wisdom of Game AI Professionals},
    author	  = {Steve Rabin},
    publisher = {CRC Press},
    year	  = {2014}
}

@article{ai_revisited,
    author =       {Georgios N. Yannakakis},
    title = 	   {Game AI Revisited},
    journal =      "Proceedings of the 9th conference on Computing Frontiers",
    pages =        "285 - 292",
    year =         "2012",
}

@article{machine_learning,
	author =       {Arthur L. Samuel},
    title = 	   {Some Studies in Machine Learning Using the Game of Checkers},
    journal =      "IBM Journal of Research and Development ",
    pages =        "210 - 229",
    year =         "1959",
}

@article{deep_learning,
	author =       {Yann LeCun, Yoshua Bengio, Geoffrey Hinton},
    title = 	   {Deep Learning},
    journal =      "Nature",
    pages =        "436 - 444",
    year =         "2015",
}

@book{design_patterns,
	author    = "Erich Gamma, Richard Helm, Ralph Johnson, John Blissides",
    title     = "Design Patterns: Elements of Reusable Object-Oriented Software",
    year      = "1995",
    publisher = "Addison-Wesley",
}

@book{game_programming_patterns,
    author    = "Robert Nystrom",
    title     = "Game Programming Patterns",
    year      = "2004",
    publisher = "Geneber Benning",
}

@book{apple_ui,
    title     = "Appel Human Interface Guidelines",
    year      = "2005",
    publisher = "Apple Computer, Inc",
}

@misc{game_design_patterns,
	author 	  = "Staffan Bjork",
	title     = "Game Design Patterns",
	url 	  = "http://virt10.itu.chalmers.se/index.php/Main_Page",
}	