@book{breaking_game_industry,
    author    = "Brenda Brathwaite and Ian Schreiber",
    title     = "Breaking into the Game Industry: Advice for a Successful Career from Those Who Have Done It",
    year      = "2012",
    publisher = "Course Technology",
    address   = "Boston"
}

@misc{breakout,
	author =       {Mark Nelson},
    title =        {Breaking Down Breakout: System And Level Design For Breakout-style Games},
    url =		   {https://www.gamasutra.com/view/feature/130053/breaking_down_breakout_system_and_.php},
}

@misc{flow,
	author =       {Sean Baron},
    title =        {Cognitive Flow: The Psychology of Great Game Design},
    url =		   {https://www.gamasutra.com/view/feature/166972/cognitive_flow_the_psychology_of_.php},
}

@Book{libro_blanco,
  	title = 	 	 {Libro Blanco del Desarrollo Español del Videojuego},
  	publisher = 	 {DEV, Desarrollo Español del Videojuego},
  	address = 		 {Madrid, España},
  	year = 	 	 	 {2016},
}

@misc{compra_king,
  	author =       {Michael McWhertor},
    title =        {Activision buys Candy Crush maker King for \$5.9 billion},
    url =		   {https://www.polygon.com/2015/11/2/9662230/activision-buys-candy-crush-maker-king},
}

@misc{compra_supercell,
  	author =       {Julia Alexander},
    title =        {Clash of Clans developer Supercell purchased by Chinese giant Tencent for \$8.6B},
    url =		   {https://www.polygon.com/2016/6/21/11987074/clash-of-clans-supercell-tencent-purchase},
}

@misc{web_4_0,
  	author =       {Bill Lydon},
    title =        {Industry 4.0 - Only One-Tenth of Germany's High-Tech Strategy},
    url =		   {https://www.automation.com/automation-news/article/industry-40-only-one-tenth-of-germanys-high-tech-strategy},
}

@article{cyber_physics,
	author =       "Siddhartha Kumar Khaitan, James D. McCalley",
    title =        "Design Techniques and Applications of Cyber Physical Systems: A Survey",
    journal =      "IEEE Systems Journal",
    volume =       "9",
    number =       "2",
    pages =        "350 - 365",
    year =         "2014",
    DOI =          "https://doi.org/10.1109/JSYST.2014.2322503",
}
	
@book{libro_esi,
    author    = "David Vallejo, Carlos González, David Villa",
    title     = "Desarrollo de Videojuegos: Un Enfoque Práctico",
    year      = "2015",
    address   = "Ciudad Real, España"
}

@book{game_design_2,
    author    = "Bob Bates",
    title     = "Game Design",
    year      = "2004",
    publisher = "Thomson Course Technology",
    address   = "Boston"
}

@book{development_and_production,
    author    = "Erik Bethke",
    title     = "Game Development and Production",
    year      = "2003",
    publisher = "Wordware Publishing",
    address   = "Plano, Texas"
}

@misc{game_engine,
	
	title = 	 {What is a Game Engine?},
	author =     {Jeff Ward},
  	url = 		 {https://www.gamecareerguide.com/features/529/what_is_a_game_.php},
}

@book{ai_and_games,
    title	  = {{Artificial Intelligence and Games}},
    author	  = {Georgios N. Yannakakis and Julian Togelius},
    publisher = {Springer},
    note	  = {\url{http://gameaibook.org}},
    year	  = {2018}
}

@article{turing_chess,
	author =       {Alan M. Turing},
    title = 	   {Digital computers applied to games},
    journal =      "Faster than thought",
    pages =        "101",
    year =         "1953",
}

@misc{pathfinding,
	title = 	 	 {Pathfinding in Games},
	author =       {Adi Botea1, Bruno Bouzy, Michael Buro, Christian Bauckhage, and Dana Nau},
  	url = 		 {http://www.ru.is/~yngvi/pdf/BulitkoBSL10.pdf},
}

@article{ai_revisited,
    author =       {Georgios N. Yannakakis},
    title = 	   {Game AI Revisited},
    journal =      "Proceedings of the 9th conference on Computing Frontiers",
    pages =        "285 - 292",
    year =         "2012",
}

@misc{toxic_wow,
  	author =       {Brendan Maher},
    title =        {Can a video game company tame toxic behaviour?},
    url =		   {https://www.nature.com/news/can-a-video-game-company-tame-toxic-behaviour-1.19647},
}

@misc{unity_manual,
    title =        {Unity Manual},
    url =		   {https://docs.unity3d.com/Manual/UnityManual.html},
}

@book{game_programming_patterns,
    author    = "Robert Nystrom",
    title     = "Game Programming Patterns",
    year      = "2004",
    publisher = "Geneber Benning",
}

@misc{game_design_patterns,
	author 	  = "Staffan Björk",
	title     = "Game Design Patterns",
	url 	  = "http://virt10.itu.chalmers.se/index.php/Main_Page",
}	