@software{breakout,
 	author = {Atari Inc.},
  	title = {Breakout},
  	date = {1976-05-13},
}

@software{league_of_legends,
 	author = {Riot Games},
  	title = {League of Legends},
  	url = {https://leagueoflegends.com},
  	date = {2009-10-27},
}

@software{pokemon_go,
	author = {Niantic},
  	title = {Pok√©mon Go},
  	date = {2016-07-06},
}

@software{world_of_warcraft,
	author = {Blizzard Entertainment},
  	title = {World of Warcraft},
  	url = {https://worldofwarcraft.com},
  	date = {2004-11-23},
}

@software{team_fortress_2,
  	author = {Valve},
  	title = {Team Fortress 2},
  	url = {https://teamfortress.com},
  	date = {2007-10-10},
}

@software{super_mario_bros,
  	author = {Nintendo},
  	title = {Super Mario Bros.},
  	date = {1985-09-13},
}

@software{legend_of_zelda,
  	author = {Nintendo},
  	title = {The Legend of Zelda},
  	date = {1986-02-21},
}
  
@software{donkey_kong,
  	author = {Nintendo},
  	title = {Donkey Kong},
  	date = {1981-07-09},
}

@software{doom,
  	author = {id Software},
  	title = {Doom},
  	date = {1993-12-10},
}
 
@software{quake,
  	author = {id Software},
  	title = {Quake},
  	date = {1996-06-22},
}

@software{dragon_quest,
  	author = {Chunsoft},
  	title = {Dragon Quest},
  	date = {1986-05-27},
}

@software{chrono_trigger,
  	author = {Square},
  	title = {Chrono Trigger},
  	date = {1995-03-11},
}

@software{final_fantasy_15,
  	author = {Square Enix},
  	title = {Final Fantasy XV},
  	date = {2016-11-29},
}
 
@software{street_fighters_2,
  	author = {Capcom},
  	title = {Street Fighter II: The World Warrior},
  	date = {1991-02-06},
}

@software{heretic,
	author = {Raven Software},
  	title = {Heretic},
  	date = {1994-12-23},
}

@software{Quake_3,
	author = {id Software},
  	title = {Quake III Arena},
  	date = {1999-12-02},
}

@software{unreal,
	author = {Epic MegaGames},
  	title = {Unreal},
  	date = {1998-05-22},
}

@software{undertale,
	author = {Toby Fox},
  	title = {Undertale},
  	date = {2015-09-15},
}

@software{pacman_256,
	author = {Hipster Whale},
  	title = {Pac-Man 256},
  	date = {2015-08-20},
}

@software{oxo,
	author = {Alexander S. Douglas},
  	title = {OXO},
  	date = {1952},
}

@software{sims,
	author = {Maxis},
  	title = {The Sims},
  	date = {2000-02-04},
}

@software{minecraft,
	author = {Mojang},
  	title = {Minecraft},
  	date = {2011-11-18},
}

@software{pacman,
	author = {Namco},
  	title = {Pac-Man},
  	date = {1980-05-21},
}

@software{bioshock,
	author = {2K Games},
  	title = {BioShock},
  	date = {2007-08-19},
}

@software{halo_2,
	author = {Bungie Studios},
  	title = {Halo 2},
  	date = {2004-11-09},
}

@software{diablo_2,
	author = {Blizzard Entertainment},
  	title = {Diablo II},
  	date = {2000-07-29},
}

@software{arkanoid_2,
	author = {Taito Corporation},
  	title = {Arkanoid: Doh It Again},
  	date = {1997-01-15},
}

@software{space_invaders,
	author = {Taito},
  	title = {Space Invaders},
  	date = {1978-06-01},
}

@software{arkanoid,
	author = {Taito Corporation},
  	title = {Arkanoid},
  	date = {1986-01-01},
}

@software{ricochet,
	author = {Reflexive Entertainment},
  	title = {Ricochet Infinity},
  	date = {2007-07-31},
}